<collection xmlns="http://www.loc.gov/MARC21/slim"><record><leader>00985nam  2200289   450</leader><controlfield tag="001">195</controlfield><controlfield tag="003">http://montalegre.opacnet.com/OPAC/default.aspx?ContentAreaControl=ShowRegHoldings.ascx&amp;RegNo=16662</controlfield><controlfield tag="005">20</controlfield><datafield tag="010" ind1=" " ind2=" "><subfield code="a">972-44-0744-6</subfield></datafield><datafield tag="021" ind1=" " ind2=" "><subfield code="a">PT</subfield><subfield code="b">40985/90</subfield></datafield><datafield tag="100" ind1=" " ind2=" "><subfield code="a">20090226d1990    m  y0pory0103    ba</subfield></datafield><datafield tag="101" ind1="1" ind2=" "><subfield code="a">por</subfield><subfield code="c">eng</subfield></datafield><datafield tag="102" ind1=" " ind2=" "><subfield code="a">PT</subfield></datafield><datafield tag="105" ind1=" " ind2=" "><subfield code="a">y   z   000ay</subfield></datafield><datafield tag="106" ind1=" " ind2=" "><subfield code="a">r</subfield></datafield><datafield tag="200" ind1="1" ind2=" "><subfield code="a">Curvas perigosas</subfield><subfield code="f">Peter Cheyney</subfield><subfield code="g">trad. Maria João Matos</subfield><subfield code="g">rev. de trad. Ana Heloísa Alves</subfield></datafield><datafield tag="210" ind1=" " ind2=" "><subfield code="a">Lisboa</subfield><subfield code="c">Edições 70</subfield><subfield code="d">D.L. 1990</subfield></datafield><datafield tag="215" ind1=" " ind2=" "><subfield code="a">221 p.</subfield><subfield code="d">24 cm</subfield></datafield><datafield tag="225" ind1="2" ind2=" "><subfield code="a">Alibi</subfield><subfield code="i">Série especial</subfield></datafield><datafield tag="225" ind1="2" ind2=" "><subfield code="a">Os clássicos do romance policial.</subfield><subfield code="i">Alibi</subfield><subfield code="v">27</subfield></datafield><datafield tag="304" ind1=" " ind2=" "><subfield code="a">Tít. orig. : Dangerous curves</subfield></datafield><datafield tag="675" ind1=" " ind2=" "><subfield code="a">820-312.4</subfield><subfield code="v">BN</subfield><subfield code="z">por</subfield></datafield><datafield tag="700" ind1=" " ind2="1"><subfield code="a">Cheyney</subfield><subfield code="b">Peter</subfield><subfield code="f">1896-1951</subfield><subfield code="3">26201</subfield></datafield><datafield tag="702" ind1=" " ind2="1"><subfield code="9">1</subfield><subfield code="a">Matos</subfield><subfield code="b">Maria João</subfield><subfield code="4">730</subfield><subfield code="3">26204</subfield></datafield><datafield tag="702" ind1=" " ind2="1"><subfield code="a">Alves</subfield><subfield code="b">Ana Heloísa</subfield><subfield code="4">730</subfield><subfield code="3">26205</subfield></datafield><datafield tag="801" ind1=" " ind2="0"><subfield code="a">PT</subfield><subfield code="b">Biblioteca Municipal de Montalegre</subfield><subfield code="g">RPC</subfield></datafield><datafield tag="856" ind1=" " ind2=" "><subfield code="u">locateMedia.asp?cod=20060510101652&amp;ext=jpg</subfield><subfield code="z">CAPA</subfield></datafield><datafield tag="909" ind1="&#9;" ind2=" "><subfield code="a">1</subfield></datafield><datafield tag="966" ind1=" " ind2=" "><subfield code="a">0008841</subfield><subfield code="l">BMM</subfield><subfield code="s">SCG 82-312.4 CHE cur 27</subfield></datafield></record></collection>